@inproceedings{Mosses2025CSE,
author = {Mosses, Peter D.},
title = {A compositional semantics for {\texttt{eval}} in {Scheme}},
year = {2025},
isbn = {979-8-4007-2150-2/25/10},
publisher = {ACM},
address = {New York, NY, USA},
url = {https://doi.org/10.1145/3759427.3760369},
doi = {10.1145/3759427.3760369},
booktitle = {Proceedings of the Workshop Dedicated to Olivier Danvy on the Occasion of His 64th Birthday (OLIVIERFEST '25), October 12--18, 2025, Singapore, Singapore},
numpages = {10},
keywords = {Scheme, denotational semantics, compositional semantics, quote and eval, Lisp, formalization, Agda},
location = {Singapore, Singapore},
series = {???}
}


@Misc{Mosses2025CSE-artifact,
      author       = {Mosses, Peter D.},
      title        = {Lightweight Agda formalization of denotational semantics in article `A compositional semantics for {\texttt{eval}} in {Scheme}'},
      howpublished = {ACM},
      year         = {2025},
      doi          = {10.1145/3747409},
    }